@article{Rizvi:2023mws,
    author = "Rizvi, Shahzar and Pettee, Mariel and Nachman, Benjamin",
    title = "{Learning Likelihood Ratios with Neural Network Classifiers}",
    eprint = "2305.10500",
    archivePrefix = "arXiv",
    primaryClass = "hep-ph",
    month = "5",
    year = "2023"
}


@article{kingma2014adam,
  title={Adam: A method for stochastic optimization},
  author={Kingma, Diederik P and Ba, Jimmy},
  journal={arXiv preprint arXiv:1412.6980},
  year={2014}
}


@article{Andreassen:2019nnm,
    author = "Andreassen, Anders and Nachman, Benjamin",
    title = "{Neural Networks for Full Phase-space Reweighting and Parameter Tuning}",
    eprint = "1907.08209",
    archivePrefix = "arXiv",
    primaryClass = "hep-ph",
    doi = "10.1103/PhysRevD.101.091901",
    journal = "Phys. Rev. D",
    volume = "101",
    number = "9",
    pages = "091901",
    year = "2020"
}


@article{Diefenbacher:2020rna,
    author = "Diefenbacher, Sascha and Eren, Engin and Kasieczka, Gregor and Korol, Anatolii and Nachman, Benjamin and Shih, David",
    title = "{DCTRGAN: Improving the Precision of Generative Models with Reweighting}",
    eprint = "2009.03796",
    archivePrefix = "arXiv",
    primaryClass = "hep-ph",
    doi = "10.1088/1748-0221/15/11/P11004",
    journal = "JINST",
    volume = "15",
    number = "11",
    pages = "P11004",
    year = "2020"
}


@article{kingma2013auto,
  title={Auto-encoding variational bayes},
  author={Kingma, Diederik P and Welling, Max},
  journal={arXiv preprint arXiv:1312.6114},
  year={2013}
}


@article{Brenner:2019lmf,
    author = "Brenner, Lydia and Balasubramanian, Rahul and Burgard, Carsten and Verkerke, Wouter and Cowan, Glen and Verschuuren, Pim and Croft, Vincent",
    title = "{Comparison of unfolding methods using RooFitUnfold}",
    eprint = "1910.14654",
    archivePrefix = "arXiv",
    primaryClass = "physics.data-an",
    doi = "10.1142/S0217751X20501456",
    journal = "Int. J. Mod. Phys. A",
    volume = "35",
    number = "24",
    pages = "2050145",
    year = "2020"
}
