@article{Andreassen:2019nnm,
    author = "Andreassen, Anders and Nachman, Benjamin",
    title = "{Neural Networks for Full Phase-space Reweighting and Parameter Tuning}",
    eprint = "1907.08209",
    archivePrefix = "arXiv",
    primaryClass = "hep-ph",
    doi = "10.1103/PhysRevD.101.091901",
    journal = "Phys. Rev. D",
    volume = "101",
    number = "9",
    pages = "091901",
    year = "2020"
}

@article{NuSea:2006gvb,
    author = "Zhu, L. Y. and others",
    collaboration = "NuSea",
    title = "{Measurement of Angular Distributions of Drell-Yan Dimuons in p + d Interaction at 800-GeV/c}",
    eprint = "hep-ex/0609005",
    archivePrefix = "arXiv",
    reportNumber = "FERMILAB-PUB-07-434",
    doi = "10.1103/PhysRevLett.99.082301",
    journal = "Phys. Rev. Lett.",
    volume = "99",
    pages = "082301",
    year = "2007"
}