@article{Accardi:2012qut,
    author = "Accardi, A. and others",
    editor = "Deshpande, A. and Meziani, Z. E. and Qiu, J. W.",
    title = "{Electron Ion Collider: The Next QCD Frontier}: {Understanding the glue that binds us all}",
    eprint = "1212.1701",
    archivePrefix = "arXiv",
    primaryClass = "nucl-ex",
    reportNumber = "BNL-98815-2012-JA, JLAB-PHY-12-1652",
    doi = "10.1140/epja/i2016-16268-9",
    journal = "Eur. Phys. J. A",
    volume = "52",
    number = "9",
    pages = "268",
    year = "2016"
}

@article{NuSea:2006gvb,
    author = "Zhu, L. Y. and others",
    collaboration = "NuSea",
    title = "{Measurement of Angular Distributions of Drell-Yan Dimuons in p + d Interaction at 800-GeV/c}",
    eprint = "hep-ex/0609005",
    archivePrefix = "arXiv",
    reportNumber = "FERMILAB-PUB-07-434",
    doi = "10.1103/PhysRevLett.99.082301",
    journal = "Phys. Rev. Lett.",
    volume = "99",
    pages = "082301",
    year = "2007"
}

@article{Andreassen:2019nnm,
    author = "Andreassen, Anders and Nachman, Benjamin",
    title = "{Neural Networks for Full Phase-space Reweighting and Parameter Tuning}",
    eprint = "1907.08209",
    archivePrefix = "arXiv",
    primaryClass = "hep-ph",
    doi = "10.1103/PhysRevD.101.091901",
    journal = "Phys. Rev. D",
    volume = "101",
    number = "9",
    pages = "091901",
    year = "2020"
}


@article{SeaQuest:2023tcr,
    author = "Pate, S. F. and others",
    collaboration = "SeaQuest",
    title = "{Estimation of Combinatoric Background in SeaQuest using an Event-Mixing Method}",
    eprint = "2302.04152",
    archivePrefix = "arXiv",
    primaryClass = "hep-ex",
    reportNumber = "FERMILAB-PUB-23-044-PPD",
    month = "2",
    year = "2023"
}


@article{kingma2013auto,
  title={Auto-encoding variational bayes},
  author={Kingma, Diederik P and Welling, Max},
  journal={arXiv preprint arXiv:1312.6114},
  year={2013}
}

@mastersthesis{Papavassiliou:1988jm,
    author = "Papavassiliou, Vassilios",
    title = "{A STUDY OF THE INTERNAL SPIN STRUCTURE OF THE PROTON THROUGH INCLUSIVE AND SEMIINCLUSIVE POLARIZED DEEP INELASTIC MUON - PROTON SCATTERING}",
    reportNumber = "RX-1241, UMI-89-17715",
    type = "Ph.D. thesis",
    month = "5",
    year = "1988"
}

@article{SeaQuest:2017kjt,
    author = "Aidala, C. A. and others",
    collaboration = "SeaQuest",
    title = "{The SeaQuest Spectrometer at Fermilab}",
    eprint = "1706.09990",
    archivePrefix = "arXiv",
    primaryClass = "physics.ins-det",
    reportNumber = "FERMILAB-PUB-17-209-E",
    doi = "10.1016/j.nima.2019.03.039",
    journal = "Nucl. Instrum. Meth. A",
    volume = "930",
    pages = "49--63",
    year = "2019"
}


@article{Liu:2021lke,
    author = "Liu, Keh-Fei",
    title = "{Status on lattice calculations of the proton spin decomposition}",
    eprint = "2112.08416",
    archivePrefix = "arXiv",
    primaryClass = "hep-lat",
    doi = "10.1007/s43673-022-00037-4",
    journal = "AAPPS Bull.",
    volume = "32",
    number = "1",
    pages = "8",
    year = "2022"
}

@phdthesis{Nagai:2017fcp,
    author = "Nagai, Kei",
    title = "{Recent Measurement of Flavor Asymmetry of Antiquarks in the Proton by Drell\textendash{}Yan Experiment SeaQuest at Fermilab}",
    reportNumber = "FERMILAB-THESIS-2017-05",
    doi = "10.2172/1346822",
    school = "Tokyo Inst. Tech",
    year = "2017"
}


@article{Peng:2018tty,
    author = {Peng, Jen-Chieh and Boer, Dani\"el and Chang, Wen-Chen and McClellan, Randall Evan and Teryaev, Oleg},
    title = "{On the rotational invariance and non-invariance of lepton angular distributions in Drell\textendash{}Yan and quarkonium production}",
    eprint = "1808.04398",
    archivePrefix = "arXiv",
    primaryClass = "hep-ph",
    reportNumber = "JLAB-PHY-18-2783",
    doi = "10.1016/j.physletb.2018.11.061",
    journal = "Phys. Lett. B",
    volume = "789",
    pages = "356--359",
    year = "2019"
}


@article{RHICSPIN:2023zxx,
    author = "Aschenauer, Elke-Caroline and others",
    collaboration = "RHIC SPIN",
    title = "{The RHIC Cold QCD Program}",
    eprint = "2302.00605",
    archivePrefix = "arXiv",
    primaryClass = "nucl-ex",
    month = "2",
    year = "2023"
}


@article{Barone:2009hw,
    author = "Barone, Vincenzo and Melis, Stefano and Prokudin, Alexei",
    title = "{The Boer-Mulders effect in unpolarized SIDIS: An Analysis of the COMPASS and HERMES data on the cos 2 phi asymmetry}",
    eprint = "0912.5194",
    archivePrefix = "arXiv",
    primaryClass = "hep-ph",
    reportNumber = "JLAB-THY-09-1121",
    doi = "10.1103/PhysRevD.81.114026",
    journal = "Phys. Rev. D",
    volume = "81",
    pages = "114026",
    year = "2010"
}


@article{SeaQuest:2021zxb,
    author = "Dove, J. and others",
    collaboration = "SeaQuest",
    title = "{The asymmetry of antimatter in the proton}",
    eprint = "2103.04024",
    archivePrefix = "arXiv",
    primaryClass = "hep-ph",
    reportNumber = "FERMILAB-PUB-21-073-E",
    doi = "10.1038/s41586-022-04707-z",
    journal = "Nature",
    volume = "590",
    number = "7847",
    pages = "561--565",
    year = "2021",
    note = "[Erratum: Nature 604, E26 (2022)]"
}


@article{EuropeanMuon:1987isl,
    author = "Ashman, J. and others",
    editor = "Hughes, V. W. and Cavata, C.",
    collaboration = "European Muon",
    title = "{A Measurement of the Spin Asymmetry and Determination of the Structure Function g(1) in Deep Inelastic Muon-Proton Scattering}",
    reportNumber = "CERN-EP-87-230",
    doi = "10.1016/0370-2693(88)91523-7",
    journal = "Phys. Lett. B",
    volume = "206",
    pages = "364",
    year = "1988"
}


@article{Boer:1997nt,
    author = "Boer, Daniel and Mulders, P. J.",
    title = "{Time reversal odd distribution functions in leptoproduction}",
    eprint = "hep-ph/9711485",
    archivePrefix = "arXiv",
    reportNumber = "NIKHEF-97-049, VUTH-97-20",
    doi = "10.1103/PhysRevD.57.5780",
    journal = "Phys. Rev. D",
    volume = "57",
    pages = "5780--5786",
    year = "1998"
}

@article{Diefenbacher:2020rna,
    author = "Diefenbacher, Sascha and Eren, Engin and Kasieczka, Gregor and Korol, Anatolii and Nachman, Benjamin and Shih, David",
    title = "{DCTRGAN: Improving the Precision of Generative Models with Reweighting}",
    eprint = "2009.03796",
    archivePrefix = "arXiv",
    primaryClass = "hep-ph",
    doi = "10.1088/1748-0221/15/11/P11004",
    journal = "JINST",
    volume = "15",
    number = "11",
    pages = "P11004",
    year = "2020"
}

